%% This BibTeX bibliography file was created using BibDesk.
%% http://bibdesk.sourceforge.net/


%% Created for Gabriele Petronella at 2012-11-12 16:19:41 -0600 


%% Saved with string encoding Unicode (UTF-8) 



@book{giordano:music,
	Author = {B. L. Giordano},
	Date-Modified = {2012-11-12 22:19:41 +0000},
	Journal = {Journal of The Acoustical Society Of America},
	Pages = {4086},
	Title = {{Music Perception ({Springer} Handbook of Auditory Research)}},
	Volume = {129},
	Year = {2011}}

@article{patel:avian,
	Author = {Patel, Aniruddh D. and Iversen, John R. and Bregman, Micah R. and Schulz, Irena},
	Date = {2009/11/01},
	Date-Added = {2012-11-12 22:12:49 +0000},
	Date-Modified = {2012-11-12 22:13:02 +0000},
	Journal = {Communicative \& Integrative Biology},
	Journal1 = {cib},
	M1 = {10.4161/cib.2.6.9373},
	Month = {11},
	Number = {6},
	Number1 = {1942-0889},
	Pages = {485--488},
	Publisher = {Landes Bioscience Inc.},
	Title = {Avian and human movement to music: Two further parallels},
	Ty = {JOUR},
	Url = {http://www.landesbioscience.com/journals/cib/article/9373/},
	Volume = {2},
	Year = {2009},
	Bdsk-Url-1 = {http://www.landesbioscience.com/journals/cib/article/9373/}}

@article{patel:non-human,
	Author = {Patel, Aniruddh D and Iversen, John R and Bregman, Micah R and Schulz, Irena},
	Date-Modified = {2012-11-12 22:13:08 +0000},
	Issn = {1879-0445},
	Journal = {Curr Biol},
	Number = {10},
	Pages = {827-30},
	Pubmedid = {19409790},
	Title = {Experimental evidence for synchronization to a musical beat in a nonhuman animal.},
	Url = {http://www.biomedsearch.com/nih/Experimental-evidence-synchronization-to-musical/19409790.html},
	Volume = {19},
	Year = {2009},
	Bdsk-Url-1 = {http://www.biomedsearch.com/nih/Experimental-evidence-synchronization-to-musical/19409790.html}}
